@book{quant,
  author = {David J. Griffiths, Darrell F. Schroeter},
  year = {2018},
  title = {Introduction to Quantum Mechanics, Third Edition},
  publisher = {Cambridge University Press}
}

@book{ast,
  author = {B.V. Gudiksen},
  year = {2024},
  title = {AST3310: Astrophysical plasma and stellar interiors},
  publisher = {Institute of Theoretical Astrophysics, University of Oslo}
}

@book{therm,
  author = {Anders Malthe-Sorenssen},
  year = {2016},
  title = {Elementary Thermal and Statistical Physics Using Python},
  publisher = {Department of Physics, University of Oslo, Norway}
}

@book{class,
  author = {Jon Magne Leinaas},
  year = {2019},
  title = {Classical Mechanics and Electrodynamics},
  publisher = {World Scientific Publishing Co. Pte. Ltd.}
}
